% This file was created with JabRef 2.10b2.
% Encoding: UTF-8


@InProceedings{Xinjilefu2012,
  Title                    = {State estimation of a walking humanoid robot.},
  Author                   = {Xinjilefu, Ben and Atkeson, Christopher G.},
  Booktitle                = {IROS},
  Year                     = {2012},
  Pages                    = {3693-3699},
  Publisher                = {IEEE},

  Added-at                 = {2013-01-05T00:00:00.000+0100},
  Biburl                   = {http://www.bibsonomy.org/bibtex/2f2d03e126e9ef88b9085ce66b584d8b2/dblp},
  Crossref                 = {conf/iros/2012},
  Ee                       = {http://dx.doi.org/10.1109/IROS.2012.6386070},
  Interhash                = {600f9a15c0d014527ca352ba90169ed1},
  Intrahash                = {f2d03e126e9ef88b9085ce66b584d8b2},
  ISBN                     = {978-1-4673-1737-5},
  Keywords                 = {dblp},
  Owner                    = {naveenoid},
  Timestamp                = {2014.09.21},
  Url                      = {http://dblp.uni-trier.de/db/conf/iros/iros2012.html#XinjilefuA12}
}

@InProceedings{Bloesch2012,
  Title                    = {State Estimation for Legged Robots - Consistent Fusion of Leg Kinematics and {IMU}},
  Author                   = {Michael Bloesch AND Marco Hutter AND Mark Hoepflinger AND Stefan Leutenegger AND Christian Gehring AND C. David Remy AND Roland Siegwart},
  Booktitle                = {Proceedings of Robotics: Science and Systems},
  Year                     = {2012},

  Address                  = {Sydney, Australia},
  Month                    = {July},

  Owner                    = {naveenoid},
  Timestamp                = {2014.09.21}
}

@InProceedings{Kaneko2005,
  Title                    = {Slip observer for walking on a low friction floor},
  Author                   = {Kaneko, K. and Kanehiro, F. and Kajita, S. and Morisawa, M. and Fujiwara, K. and Harada, K. and Hirukawa, H.},
  Booktitle                = {Intelligent Robots and Systems, 2005. (IROS 2005). 2005 IEEE/RSJ International Conference on},
  Year                     = {2005},
  Month                    = {Aug},
  Pages                    = {634-640},

  Doi                      = {10.1109/IROS.2005.1545184},
  Keywords                 = {humanoid robots;legged locomotion;motion control;observers;stability;biped humanoid robots;biped walk stability;humanoid robot HRP-2;low friction floor;skid detection;slip observer;Automatic control;Biological system modeling;Foot;Force control;Friction;Humanoid robots;Humans;Joints;Legged locomotion;Stability criteria},
  Owner                    = {naveenoid},
  Timestamp                = {2014.09.21}
}

@Article{Lowrey2014,
  Title                    = {Physically-Consistent Sensor Fusion in Contact-Rich Behaviors},
  Author                   = {Lowrey, Kendall and Kolev, Svetoslav and Tassa, Yuval and Erez, Tom and Todorov, Emo},
  Journal                  = {manuscript under review},
  Year                     = {2014},

  Owner                    = {naveenoid},
  Timestamp                = {2014.09.21}
}

@InProceedings{Okita2012,
  Title                    = {A novel foot slip detection algorithm using unscented Kalman Filter innovation},
  Author                   = {Okita, N. and Sommer, H.J.},
  Booktitle                = {American Control Conference (ACC), 2012},
  Year                     = {2012},
  Month                    = {June},
  Pages                    = {5163-5168},

  Doi                      = {10.1109/ACC.2012.6314925},
  ISSN                     = {0743-1619},
  Keywords                 = {Kalman filters;acceleration measurement;accelerometers;angular velocity measurement;error correction;gyroscopes;innovation management;legged locomotion;micromechanical devices;microsensors;motion control;nonlinear filters;tuning;MEMS-based sensors;UKF innovation;accelerometer measurements;angular velocity;block resting;block slid;boosted innovation;data quality;drag-sled stick-slip experiments;dynamic model;error correction;foot slip detection algorithm;gyro-based UKF;inclined surfaces;level surfaces;measurement metrics;modeling error;parameter tuning;tilt angle;translational acceleration;unscented Kalman filter innovation;wet surface conditions;x-directions;y-directions;Acceleration;Foot;Force;Friction;Robots;Sensors;Technological innovation},
  Owner                    = {naveenoid},
  Timestamp                = {2014.09.21}
}

@InProceedings{Stephens2011,
  Title                    = {{State estimation for force-controlled humanoid balance using simple models in the presence of modeling error}},
  Author                   = {Stephens, Benjamin J.},
  Booktitle                = {Robotics and Automation (ICRA), 2011 IEEE International Conference on},
  Year                     = {2011},
  Month                    = may,
  Pages                    = {3994--3999},

  Citeulike-article-id     = {10381752},
  Citeulike-linkout-0      = {http://dx.doi.org/10.1109/ICRA.2011.5980358},
  Doi                      = {10.1109/ICRA.2011.5980358},
  Keywords                 = {dissertation-papers, draft, file-import-11-10-14, paper},
  Owner                    = {naveenoid},
  Posted-at                = {2012-02-24 04:17:00},
  Timestamp                = {2014.09.21},
  Url                      = {http://dx.doi.org/10.1109/ICRA.2011.5980358}
}

@Conference{Wu2013,
  Title                    = {STAC: Simultaneous Tracking and Calibration},
  Author                   = {T. Wu and Y. Tassa and V. Kumar and J. Movellan and E. Todorov},
  Booktitle                = {IEEE/RAS International Conference on Humanoid Robots (Humanoids)},
  Year                     = {2013},

  Owner                    = {naveenoid},
  Timestamp                = {2014.09.21}
}

@Conference{Xinjilefu2014,
  Title                    = {Decoupled State Estimation for Humanoids Using Full-Body Dynamics},
  Author                   = {Xinjilefu, Xand Feng, Siyuan and Huang, Weiwei and Atkeson, Christopher},
  Booktitle                = {IEEE/RAS 2014 IEEE International Conference on Robotics and Automation (ICRA 2014)},
  Year                     = {2014},

  Owner                    = {naveenoid},
  Timestamp                = {2014.09.21}
}

@article{Vukobratovic1969,
  Author                   = {Vukobratovic, Miomir and Juricic, Davor},
  Date-Added               = {2014-06-27 13:23:07 +0000},
  Date-Modified            = {2014-06-27 13:23:07 +0000},
  Journal                  = {Biomedical Engineering, IEEE Transactions on},
  Number                   = {1},
  Pages                    = {1-6},
  Title                    = {Contribution to the Synthesis of Biped Gait},
  Volume                   = {BME-16},
  Year                     = {1969}}
  
  @article{Goswami1999,
  Author                   = {Goswami, A.},
  Date-Added               = {2014-06-27 13:23:07 +0000},
  Date-Modified            = {2014-06-27 13:23:07 +0000},
  Journal                  = {The International Journal of Robotics Research},
  Number                   = {6},
  Pages                    = {523--533},
  Publisher                = {Multimedia Archives},
  Title                    = {Postural stability of biped robots and the foot-rotation indicator (FRI) point},
  Volume                   = {18},
  Year                     = {1999}}

@article{KalmanDeSchutter,
  title                    ={Kalman filters: A tutorial},
  author                   ={De Schutter, Joris and De Geeter, Jan and Lefebvre, Tine and Bruyninckx, Herman},
  journal                  ={Journal A},
  volume                   ={40},
  number                   ={4},
  pages                    ={52--59},
  year                     ={1999},
  publisher                ={Addendum}
}

@article{park2009balance,
  title={Balance control of a biped robot using camera image of reference object},
  author={Park, Sangbum and Han, Youngjoon and Hahn, Hernsoo},
  journal={International Journal of Control, Automation and Systems},
  volume={7},
  number={1},
  pages={75--84},
  year={2009},
  publisher={Springer}
}

@INPROCEEDINGS{Goswami99footrotation,
    author = {Ambarish Goswami},
    title = {Foot rotation indicator (FRI) point: A new gait planning tool to evaluate postural stability of biped robots},
    booktitle = {IEEE International Conference on Robotics and Automation},
    year = {1999},
    pages = {47--52}
}

@book{siciliano2009robotics,
  title={Robotics: Modelling, Planning and Control},
  author={Siciliano, B. and Sciavicco, L. and Villani, L. and Oriolo, G.},
  isbn={9781846286414},
  lccn={2008939574},
  series={Advanced Textbooks in Control and Signal Processing},
  url={http://books.google.pl/books?id=jPCAFmE-logC},
  year={2009},
  publisher={Springer}
}

@article{ekfToolbox,
  title={Optimal filtering with Kalman filters and smoothers},
  author={Hartikainen, Jouni and Solin, Arno and S{\"a}rkk{\"a}, Simo},
  journal={Department of Biomedica Engineering and Computational Sciences, Aalto University School of Science, 16th August},
  year={2011}
}

@inproceedings{Park2007,
  Author = {Sangbum Park and Youngjoon Han and Hernsoo Hahn},
  Booktitle = {Proceedings of The 4th International Conference on Ubiquitous Robots and Ambient Intelligence (URAI 2007)},
  Date-Added = {2014-10-01 22:55:33 +0000},
  Date-Modified = {2014-10-01 22:56:32 +0000},
  Title = {Kalman Filter based ZMP Estimation Scheme for Balance Control of a Biped Robot},
  Year = {2007}
  }

@inproceedings{roumeliotis1999,
  title={Circumventing dynamic modeling: Evaluation of the error-state kalman filter applied to mobile robot localization},
  author={Roumeliotis, Stergios I and Sukhatme, Gaurav S and Bekey, George A},
  booktitle={Robotics and Automation, 1999. Proceedings. 1999 IEEE International Conference on},
  volume={2},
  pages={1656--1663},
  year={1999},
  organization={IEEE}
}