% This file was created with JabRef 2.10b2.
% Encoding: UTF-8


@Article{Chen2003,
  Title                    = {Bayesian filtering: From Kalman filters to particle filters, and beyond},
  Author                   = {Chen, Zhe},
  Journal                  = {Statistics},
  Year                     = {2003},
  Note                     = {Used for basic understanding of the Bayesian interpretation of the Kalman and Particle filter.},
  Number                   = {1},
  Pages                    = {1--69},
  Volume                   = {182}
}

@TechReport{Cucu2012,
  Title                    = {Applying Kalman Filtering on a Quadruped Robot},
  Author                   = {Lucian Cucu},
  Institution              = {Ecole Polytechnique Federale de Lausanne},
  Year                     = {2012},
  Note                     = {Used for gyroscope calibration methods. Derivation of an adaptive MEASUREMENT COVARIANCE MATRIX is found here.},

  Owner                    = {jorhabib},
  Timestamp                = {2015.03.09}
}

@Article{Ligorio2013,
  Title                    = {Extended Kalman Filter-Based Methods for Pose Estimation Using Visual, Inertial and Magnetic Sensors: Comparative Analysis and Performance Evaluation},
  Author                   = {Gabriele Ligorio, Angelo Maria Sabatini},
  Year                     = {2013},
  Note                     = {Linearized version of the measurement equation.},

  File                     = {:home/jorhabib/Software/quaternion-ekf/documentation/EKF-based_methods_for_pose_estimation_using_visual_inertial_and_magnetic_sensors.pdf:PDF},
  Owner                    = {jorhabib},
  Timestamp                = {2015.03.09}
}

@Book{HallNotes2003,
  Title                    = {[Notes] Spacecraft Attitude Dynamics and Control. Chapter 4.},
  Author                   = {C. D. Hall},
  Year                     = {2003},

  Owner                    = {jorhabib},
  Timestamp                = {2015.03.09}
}

@Article{Nori2015,
  Title                    = {BERDY: Bayesian Estimation for Robot Dynamics. A Probabilistic Estimation of Whole-Body Dynamics with Redundant Measurements.},
  Author                   = {Francesco Nori},
  Journal                  = {International Journal of Robotics Research},
  Year                     = {2015},

  Owner                    = {jorhabib},
  Timestamp                = {2015.04.27}
}

@Book{Grover1997,
  Title                    = {Introduction to Random Signals and Applied Kalman Filtering},
  Author                   = {Robert Grover Brown, Patrick Y. C. Hwang},
  Publisher                = {John Whiley \& Sons},
  Year                     = {1997},
  Note                     = {The book I'm using to learn the basics of Kalman Filter and its implementation.},

  Owner                    = {jorhabib},
  Timestamp                = {2015.03.09}
}

@Article{Shuster1981,
  Title                    = {{Three-axis attitude determination from vector observations.}},
  Author                   = {M.D. {Shuster} and S.D. {Oh}},
  Journal                  = {{J. Guid. Control}},
  Year                     = {1981},
  Note                     = {This is the original paper in which the QUEST algorithm is presented.},
  Pages                    = {70--77},
  Volume                   = {4},

  Doi                      = {10.2514/3.19717},
  Fjournal                 = {{Journal of Guidance and Control}},
  ISSN                     = {0162-3192},
  Language                 = {English},
  Msc2010                  = {93E10 93B07 70M20},
  Publisher                = {American Institute of Aeronautics and Astronautics, Washington, DC},
  Zbl                      = {0454.93046}
}

@Article{ShusterSurvey1993,
  Title                    = {Survey of attitude representations},
  Author                   = {Shuster, M.~D.},
  Journal                  = {Journal of the Astronautical Sciences},
  Year                     = {1993},

  Month                    = oct,
  Pages                    = {439-517},
  Volume                   = {41},

  Adsnote                  = {Provided by the SAO/NASA Astrophysics Data System},
  Adsurl                   = {http://adsabs.harvard.edu/abs/1993JAnSc..41..439S},
  File                     = {:home/jorhabib/Software/quaternion-ekf/documentation/Survey_of_Attitude_Representations.pdf:PDF},
  Keywords                 = {Attitude Control, Flight Mechanics, Kinematic Equations, Satellite Orientation, Satellite Rotation, Covariance, Errors, Kinematics, Transformations (Mathematics)}
}

@TechReport{Trawny2005,
  Title                    = {Indirect Kalman Filter for 3D Attitude Estimation. A Tutorial for Quaternion Algebra.},
  Author                   = {Nikolas Trawny and Stergios I. Roumeliotis},
  Institution              = {University of Minnesota},
  Year                     = {2005},
  Note                     = {Quaternion Algebra explained.},

  Owner                    = {jorhabib},
  Timestamp                = {2015.03.09}
}

